@inproceedings{carsafe2013,
  title={CarSafe app: alerting drowsy and distracted drivers using dual cameras on smartphones},
  author={You, Chuang-Wen and Lane, Nicholas D and Chen, Fanglin and Wang, Rui and Chen, Zhenyu and Bao, Thomas J and Montes-de-Oca, Martha and Cheng, Yuting and Lin, Mu and Torresani, Lorenzo and others},
  booktitle={Proceeding of the 11th annual international conference on Mobile systems, applications, and services},
  pages={13--26},
  year={2013},
  organization={ACM}
}

@inproceedings{viri2013,
  title={ViRi: view it right},
  author={Hu, Pan and Shen, Guobin and Li, Liqun and Lu, Donghuan},
  booktitle={Proceeding of the 11th annual international conference on Mobile systems, applications, and services},
  pages={277--290},
  year={2013},
  organization={ACM}
}

@inproceedings{tapprints2012,
  title={Tapprints: your finger taps have fingerprints},
  author={Miluzzo, Emiliano and Varshavsky, Alexander and Balakrishnan, Suhrid and Choudhury, Romit Roy},
  booktitle={Proceedings of the 10th international conference on Mobile systems, applications, and services},
  pages={323--336},
  year={2012},
  organization={ACM}
}

@inproceedings{opaak2012,
  title={Opaak: using mobile phones to limit anonymous identities online},
  author={Maganis, Gabriel and Shi, Elaine and Chen, Hao and Song, Dawn},
  booktitle={Proceedings of the 10th international conference on Mobile systems, applications, and services},
  pages={295--308},
  year={2012},
  organization={ACM}
}

@inproceedings{riskranker2012,
  title={Riskranker: scalable and accurate zero-day android malware detection},
  author={Grace, Michael and Zhou, Yajin and Zhang, Qiang and Zou, Shihong and Jiang, Xuxian},
  booktitle={Proceedings of the 10th international conference on Mobile systems, applications, and services},
  pages={281--294},
  year={2012},
  organization={ACM}
}

@inproceedings{protectmyprivacy2013,
  title={ProtectMyPrivacy: detecting and mitigating privacy leaks on iOS devices using crowdsourcing},
  author={Agarwal, Yuvraj and Hall, Malcolm},
  booktitle={Proceeding of the 11th annual international conference on Mobile systems, applications, and services},
  pages={97--110},
  year={2013},
  organization={ACM}
}

@inproceedings{leveraging2013,
  title={Leveraging graphical models to improve accuracy and reduce privacy risks of mobile sensing},
  author={Parate, Abhinav and Chiu, Meng-Chieh and Ganesan, Deepak and Marlin, Benjamin M},
  booktitle={Proceeding of the 11th annual international conference on Mobile systems, applications, and services},
  pages={83--96},
  year={2013},
  organization={ACM}
}

@inproceedings{sensor2014,
  title={Sensor-Assisted Facial Recognition: An Enhanced Bio-metric Authentication System for Smartphones},
  author={Chen, Shaxun and Pande, Amit and Mohapatra, Prasant},
  booktitle={Proceedings of the 12th annual international conference on Mobile systems, applications, and services},
  pages={109--122},
  year={2014},
  organization={ACM}
}

@inproceedings{madfraud2014,
  title={MAdFraud: investigating ad fraud in android applications},
  author={Crussell, Jonathan and Stevens, Ryan and Chen, Hao},
  booktitle={Proceedings of the 12th annual international conference on Mobile systems, applications, and services},
  pages={123--134},
  year={2014},
  organization={ACM}
}

@inproceedings{encore2014,
  title={EnCore: private, context-based communication for mobile social apps},
  author={Aditya, Paarijaat and Erd{\'e}lyi, Viktor and Lentz, Matthew and Shi, Elaine and Bhattacharjee, Bobby and Druschel, Peter},
  booktitle={Proceedings of the 12th annual international conference on Mobile systems, applications, and services},
  pages={135--148},
  year={2014},
  organization={ACM}
}

@article{taintdroid2014,
  title={TaintDroid: an information flow tracking system for real-time privacy monitoring on smartphones},
  author={Enck, William and Gilbert, Peter and Chun, Byung-Gon and Cox, Landon P and Jung, Jaeyeon and McDaniel, Patrick and Sheth, Anmol N},
  journal={Communications of the ACM},
  volume={57},
  number={3},
  pages={99--106},
  year={2014},
  publisher={ACM}
}

@inproceedings{pios2011,
  title={PiOS: Detecting Privacy Leaks in iOS Applications.},
  author={Egele, Manuel and Kruegel, Christopher and Kirda, Engin and Vigna, Giovanni},
  booktitle={NDSS},
  year={2011}
}
